@article{crimgTest,
  title={An empirical formula for cringe},
  author={Wurst, Brat},
  journal={autist jump},
  volume={511},
  year={2017}
}

@misc{hunter2007,
  title={Brief Notes on Measure Theory},
  author={Hunter, John K.},
  url={https://www.math.ucdavis.edu/~hunter/m201b/measure.pdf},
  year={2007}
}
